<record><leader>00000cas a22000007a 4500</leader><controlfield tag="001">10267581</controlfield><controlfield tag="008">840105d18721876nvudn ne      0    0eng d</controlfield><datafield ind1=" " ind2=" " tag="010"><subfield code="a">sn 84022048 </subfield></datafield><datafield ind1=" " ind2=" " tag="040"><subfield code="a">NPX</subfield><subfield code="b">eng</subfield><subfield code="c">NPX</subfield><subfield code="d">UNP</subfield><subfield code="d">NNX</subfield><subfield code="d">CNK</subfield><subfield code="d">OCLCQ</subfield><subfield code="d">DLC</subfield></datafield><datafield ind1=" " ind2=" " tag="042"><subfield code="a">msc</subfield></datafield><datafield ind1=" " ind2=" " tag="043"><subfield code="a">n-us-nv</subfield></datafield><datafield ind1=" " ind2="4" tag="050"><subfield code="a">AN2.N3</subfield><subfield code="b">P56</subfield></datafield><datafield ind1="0" ind2="0" tag="245"><subfield code="a">Pioche daily record.</subfield></datafield><datafield ind1=" " ind2=" " tag="260"><subfield code="a">Pioche, Nev. :</subfield><subfield code="b">Pat Holland,</subfield><subfield code="c">-1876.</subfield></datafield><datafield ind1=" " ind2=" " tag="300"><subfield code="a">9 v. :</subfield><subfield code="b">ill. (chiefly ads.) ;</subfield><subfield code="c">51 cm.</subfield></datafield><datafield ind1=" " ind2=" " tag="310"><subfield code="a">Daily (except Mon.)</subfield></datafield><datafield ind1="0" ind2=" " tag="362"><subfield code="a">Vol. 5, no. 1 (Sept. 17, 1872)-v. 13, no. 49 (Nov. 12, 1876).</subfield></datafield><datafield ind1=" " ind2=" " tag="500"><subfield code="a">Publishers: Taylor &amp; Holland, 1872; Holland &amp; Co., 1872-1873; Holland, Berry &amp; Booth, 1873-1874; Pat Holland, 1874-1875; Record Publishing Co., 1875-1876.</subfield></datafield><datafield ind1=" " ind2=" " tag="500"><subfield code="a">"Democratic." Cf. Lingenfelter, R.E. Newspapers of Nev.</subfield></datafield><datafield ind1=" " ind2=" " tag="500"><subfield code="a">Editor: A.D. Jones, 1870.</subfield></datafield><datafield ind1=" " ind2=" " tag="555"><subfield code="a">Index to the Pioche Record, card file at Southern office of Nev. Hist. Soc.</subfield></datafield><datafield ind1="1" ind2=" " tag="700"><subfield code="a">Jones, A. D.</subfield></datafield><datafield ind1=" " ind2=" " tag="752"><subfield code="a">United States</subfield><subfield code="b">Nevada</subfield><subfield code="c">Lincoln</subfield><subfield code="d">Pioche.</subfield></datafield><datafield ind1="0" ind2="0" tag="780"><subfield code="t">Ely record (Pioche, Nev.)</subfield><subfield code="w">(DLC)sn 86076215</subfield><subfield code="w">(OCoLC)13775862</subfield></datafield><datafield ind1="0" ind2="5" tag="780"><subfield code="t">Pioche review</subfield><subfield code="g">1870</subfield></datafield><datafield ind1="0" ind2="0" tag="785"><subfield code="t">Pioche tri-weekly record</subfield><subfield code="w">(DLC)  2015270825</subfield><subfield code="w">(OCoLC)933612142</subfield></datafield></record>